% Magnus, Neudecker and Abadir on matrix calculus
@book {
    magnus2019,
    month = {02},
    publisher = {John Wiley \& Sons, Ltd},
    series = {Wiley Series in Probability and Statistics},
    title = {Matrix Differential Calculus with Applications in Statistics and Econometrics},
    year = {2019},
    author = {Jan R. Magnus and Heinz Neudecker},   
}
@article {
    magnus2010,
    title = {On the concept of matrix derivative},
    journal = {Journal of Multivariate Analysis},
    volume = {101},
    number = {9},
    pages = {2200-2206},
    year = {2010},
    month = {10},
    author = {Jan R. Magnus},
}
@article {
    magnus2007,
    author = {Magnus, Jan R. and Abadir, Karim},
    year = {2007},
    month = {01},
    pages = {1-15},
    title = {On some definitions in matrix algebra},
    journal = {CIRJE, Faculty of Economics, University of Tokyo, CIRJE F-Series}
}
@inbook {
    magnus2005,
    author = {Abadir, Karim M. and Magnus, Jan R.},
    chapter = {13},
    collection = {Econometric Exercises},
    month = {08},
    pages = {351-361},
    place = {Cambridge},
    publisher = {Cambridge University Press},
    series = {Econometric Exercises},
    title = {Matrix Algebra},
    year = {2005},
}
@article {
    magnus1985,
    title = {Matrix differential calculus with applications to simple, Hadamard, and Kronecker products},
    journal = {Journal of Mathematical Psychology},
    volume = {29},
    number = {4},
    pages = {474-492},
    year = {1985},
    month = {12},
    author = {Jan R. Magnus and Heinz Neudecker},
}
@article{
    neudecker1969,
    author = {Heinz Neudecker},
    journal = {Journal of the American Statistical Association},
    number = {327},
    pages = {953--963},
    publisher = {[American Statistical Association, Taylor \& Francis, Ltd.]},
    title = {Some Theorems on Matrix Differentiation with Special Reference to Kronecker Matrix Products},
    volume = {64},
    year = {1969}
}
% Other friends of matrix calculus
@article{
    kinghorn1996,
    author = {Kinghorn, Donald B.},
    title = {Integrals and derivatives for correlated Gaussian functions using matrix differential calculus},
    journal = {International Journal of Quantum Chemistry},
    volume = {57},
    number = {2},
    pages = {141-155},
    year = {1996}
}
@article{
    liu2022,
    title = {Matrix differential calculus with applications in the multivariate linear model and its diagnostics},
    journal = {Journal of Multivariate Analysis},
    volume = {188},
    pages = {104849},
    year = {2022},
    note = {50th Anniversary Jubilee Edition},
    author = {Shuangzhe Liu and Víctor Leiva and Dan Zhuang and Tiefeng Ma and Jorge I. Figueroa-Zúñiga},
}
@book{
    turkington2001,
    place={Cambridge},
    title={Matrix Calculus and Zero-One Matrices: Statistical and Econometric Applications},
    publisher={Cambridge University Press},
    author={Turkington, Darrell A.},
    year={2001}
}

% Machine Learning and Deep Learning stuff.
@book {
    jung2022,
    author = {Alexander Jung},
    title = {Machine Learning The Basics},
    publisher = {Springer Singapore},
    year = {2022},
    month = {01},
    series = {Machine Learning: Foundations, Methodologies, and Applications},
}
@book{
    goodfellow2016,
    title = {Deep Learning},
    author = {Ian Goodfellow and Yoshua Bengio and Aaron Courville},
    publisher = {MIT Press},
    year = {2016},
    month =  {11},
    series = {Adaptive Computation and Machine Learning}
}
@book{
    shalev-shwartz2014,
    place = {Cambridge},
    title = {Understanding Machine Learning: From Theory to Algorithms},
    publisher = {Cambridge University Press},
    author = {Shalev-Shwartz, Shai and Ben-David, Shai},
    year = {2014},
    month = {06},
}

% Automatic Differentiation
@article{
    laue2020,
    author = {Laue, S\"oren and Mitterreiter, Matthias and Giesen, Joachim},
    year = {2020},
    month = {04},
    pages = {4527-4534},
    title = {A Simple and Efficient Tensor Calculus},
    volume = {34},
    journal = {Proc. AAAI Conference on Artificial Intelligence},
}
@misc{
    laue2019,
    author = {S\"oren Laue},
    title = {On the Equivalence of Automatic and Symbolic Differentiation},
    year = {2019},
    month = {04},
}
@inproceedings{
    laue2018,
    author = {Laue, S\"{o}ren and Mitterreiter, Matthias and Giesen, Joachim},
    title = {Computing higher order derivatives of matrix and tensor expressions},
    year = {2018},
    publisher = {Curran Associates Inc.},
    address = {Red Hook, NY, USA},
    booktitle = {Proceedings of the 32nd International Conference on Neural Information Processing Systems},
    pages = {2755–2764},
    location = {Montr\'{e}al, Canada},
    series = {NIPS'18}
}
@inproceedings {
    giles2008,
    author = {Giles, Mike B.},
    editor = {Bischof, Christian H. and B{\"u}cker, H. Martin and Hovland, Paul and Naumann, Uwe and Utke, Jean},
    title = {Collected Matrix Derivative Results for Forward and Reverse Mode Algorithmic Differentiation},
    booktitle = {Advances in Automatic Differentiation},
    year = {2008},
    publisher = {Springer Berlin Heidelberg},
    address = {Berlin, Heidelberg},
    pages = {35-44},
}
@book{
    griewank2008,
    author = {Griewank, Andreas and Walther, Andrea},
    title = {Evaluating Derivatives},
    publisher = {Society for Industrial and Applied Mathematics},
    year = {2008},
    edition   = {Second},
}
@book{
    naumann2011,
    author = {Naumann, Uwe},
    title = {The Art of Differentiating Computer Programs},
    publisher = {Society for Industrial and Applied Mathematics},
    year = {2011},
}

@misc{
    petersen2012,
    author       = "Kaare Brandt Petersen and Michael Syskind Pedersen",
    title        = "The Matrix Cookbook",
    year         = "2012",
    month        = "10",
    publisher    = "Technical University of Denmark",
    note         = "Version 20121115",
    url          = "http://www2.compute.dtu.dk/pubdb/pubs/3274-full.html",
}
@book{
    strang2019,
    author = {Strang, Gilbert},
    title = {Linear Algebra and Learning from Data},
    publisher = {Wellesley-Cambridge Press},
    year = {2019},
    address = {Philadelphia, PA},
}
@book{
    searle2017,
    title={Matrix Algebra Useful for Statistics},
    author={Searle, S.R. and Khuri, A.I.},
    series={Wiley Series in Probability and Statistics},
    year={2017},
    publisher={Wiley}
}


 
@article {
    baydin2017,
    author = {Baydin, At\i{}l\i{}m G\"{u}nes and Pearlmutter, Barak A. and Radul, Alexey Andreyevich and Siskind, Jeffrey Mark},
    title = {Automatic differentiation in machine learning: a survey},
    year = {2017},
    publisher = {JMLR.org},
    volume = {18},
    number = {1},
    journal = {Journal of Machine Learning Research},
    month = {01},
    pages = {5595–5637},
}
@article {
    rumelhart1986,
    author={Rumelhart, David E. and Hinton, Geoffrey E. and Williams, Ronald J.},
    title={Learning representations by back-propagating errors},
    journal={Nature},
    year={1986},
    month={10},
    volume={323},
    number={6088},
    pages={533-536},
}

@article{
    srivastava2014,
    author  = {Nitish Srivastava and Geoffrey Hinton and Alex Krizhevsky and Ilya Sutskever and Ruslan Salakhutdinov},
    title   = {Dropout: A Simple Way to Prevent Neural Networks from Overfitting},
    journal = {Journal of Machine Learning Research},
    year    = {2014},
    volume  = {15},
    number  = {56},
    pages   = {1929--1958},
}
@inproceedings {
    ioffe2015,
    author = {Ioffe, Sergey and Szegedy, Christian}, 
    title = {Batch normalization: accelerating deep network training by reducing internal covariate shift},
    year = {2015},
    publisher = {JMLR.org},
    booktitle = {Proceedings of the 32nd International Conference on International Conference on Machine Learning - Volume 37},
    pages = {448–456},
    numpages = {9},
    location = {Lille, France},
    series = {ICML'15},
}
@inproceedings{
    vaswani2017,
    author = {Vaswani, Ashish and Shazeer, Noam and Parmar, Niki and Uszkoreit, Jakob and Jones, Llion and Gomez, Aidan N and Kaiser, \L ukasz and Polosukhin, Illia},
    booktitle = {Advances in Neural Information Processing Systems},
    editor = {I. Guyon and U. Von Luxburg and S. Bengio and H. Wallach and R. Fergus and S. Vishwanathan and R. Garnett},
    pages = {},
    publisher = {Curran Associates, Inc.},
    title = {Attention is All you Need},
    volume = {30},
    year = {2017},
}


@article {
    munro1995,
    author = {Munro, David H. and Dubois, Paul F.},
    title = {Using the Yorick Interpreted Language},
    journal = {Computer in Physics},
    volume = {9},
    number = {6},
    pages = {609-615},
    year = {1995},
    month = {11},
}
@Article{
    harris2020,
    title = {Array programming with {NumPy}},
    author = {Charles R. Harris and K. Jarrod Millman and St{\'{e}}fan J. van der Walt and Ralf Gommers and Pauli Virtanen and David Cournapeau and Eric Wieser and Julian Taylor and Sebastian Berg and Nathaniel J. Smith and Robert Kern and Matti Picus and Stephan Hoyer and Marten H. van Kerkwijk and Matthew Brett and Allan Haldane and Jaime Fern{\'{a}}ndez del R{\'{i}}o and Mark Wiebe and Pearu Peterson and Pierre G{\'{e}}rard-Marchant and Kevin Sheppard and Tyler Reddy and Warren Weckesser and Hameer Abbasi and Christoph Gohlke and Travis E. Oliphant},
    year = {2020},
    month = {09},
    journal = {Nature},
    volume = {585},
    number = {7825},
    pages = {357--362},
    publisher = {Springer Science and Business Media {LLC}},
}

@article{
    giering1998,
    author = {Giering, Ralf and Kaminski, Thomas},
    title = {Recipes for adjoint code construction},
    year = {1998},
    month = {12},
    publisher = {Association for Computing Machinery},
    address = {New York, NY, USA},
    volume = {24},
    number = {4},
    journal = {ACM Trans. Math. Softw.},
    pages = {437–474},
    numpages = {38},
}
@misc{
    buithanh2023,
    title={Adjoint and Its roles in Sciences, Engineering, and Mathematics: A Tutorial}, 
    author={Tan Bui-Thanh},
    year={2023},
}

@article{
    tomov2010,
    title     = {{Towards dense linear algebra for hybrid GPU accelerated manycore systems}},
    author    = {Stanimire Tomov and Jack Dongarra and Marc Baboulin},
    booktitle = {Parallel Matrix Algorithms and Applications},
    doi       = {10.1016/j.parco.2009.12.005},
    issn      = {0167-8191},
    journal   = {Parallel Computing},
    month     = {06},
    number    = {5-6},
    pages     = {232--240},
    posted-at = {2010-12-17 09:48:58},
    priority  = {2},
    volume    = {36},
    year      = {2010}
}
@article{
    nickolls2008,
    author = {Nickolls, John and Buck, Ian and Garland, Michael and Skadron, Kevin},
    title = {Scalable Parallel Programming with CUDA: Is CUDA the parallel programming model that application developers have been waiting for?},
    year = {2008},
    publisher = {Association for Computing Machinery},
    address = {New York, NY, USA},
    volume = {6},
    number = {2},
    journal = {Queue},
    month = {03},
    pages = {40–53},
    numpages = {14},
}
@ARTICLE{
    stone2010,
    author={Stone, John E. and Gohara, David and Shi, Guochun},
    journal={Computing in Science \& Engineering}, 
    title={OpenCL: A Parallel Programming Standard for Heterogeneous Computing Systems}, 
    year={2010},
    volume={12},
    number={3},
    pages={66-73},
}
