@inbook {
    magnus2005,
    author = {Abadir, Karim M. and Magnus, Jan R.},
    chapter = {13},
    collection = {Econometric Exercises},
    month = {08},
    pages = {351-361},
    publisher = {Cambridge University Press},
    title = {Matrix Algebra},
    year = {2005},
    address={Cambridge}
}

@article {
    baydin2017,
    author = {Baydin, At\i{}l\i{}m G\"{u}nes and Pearlmutter, Barak A. and Radul, Alexey Andreyevich and Siskind, Jeffrey Mark},
    title = {Automatic differentiation in machine learning: a survey},
    year = {2017},
    publisher = {JMLR.org},
    volume = {18},
    number = {1},
    journal = {Journal of Machine Learning Research},
    month = {01},
    pages = {5595--5637},
}

@misc {
    buithanh2023,
    title={Adjoint and Its roles in Sciences, Engineering, and Mathematics: A Tutorial}, 
    author={Tan Bui-Thanh},
    year={2023},
    eprint={2306.09917},
    archivePrefix={arXiv},
}

@article{
    giering1998,
    author = {Giering, Ralf and Kaminski, Thomas},
    title = {Recipes for adjoint code construction},
    year = {1998},
    month = {12},
    volume = {24},
    number = {4},
    journal = {ACM Trans. Math. Softw.},
    pages = {437-474},
    numpages = {38},
}

@inproceedings {
    giles2008,
    author = {Giles, Mike B.},
    title = {Collected Matrix Derivative Results for Forward and Reverse Mode Algorithmic Differentiation},
    booktitle = {Advances in Automatic Differentiation},
    year = {2008},
    publisher = {Springer Berlin Heidelberg},
    pages = {35-44},
    address={Germany}
}

@book{
    griewank2008,
    author = {Griewank, Andreas and Walther, Andrea},
    title = {Evaluating Derivatives},
    publisher = {Society for Industrial and Applied Mathematics},
    year = {2008},
    address={USA}
}

@article{
    harris2020,
    title = {Array programming with {NumPy}},
    author = {Charles R. Harris and K. Jarrod Millman and St{\'{e}}fan J. van der Walt and Ralf Gommers and Pauli Virtanen and David Cournapeau and Eric Wieser and Julian Taylor and Sebastian Berg and Nathaniel J. Smith and Robert Kern and Matti Picus and Stephan Hoyer and Marten H. van Kerkwijk and Matthew Brett and Allan Haldane and Jaime Fern{\'{a}}ndez del R{\'{i}}o and Mark Wiebe and Pearu Peterson and Pierre G{\'{e}}rard-Marchant and Kevin Sheppard and Tyler Reddy and Warren Weckesser and Hameer Abbasi and Christoph Gohlke and Travis E. Oliphant},
    year = {2020},
    month = {09},
    journal = {Nature},
    volume = {585},
    number = {7825},
    pages = {357--362},
}

@article{
    kinghorn1996,
    author = {Kinghorn, Donald B.},
    title = {Integrals and derivatives for correlated Gaussian functions using matrix differential calculus},
    journal = {Int. Journal Quantum Chemistry},
    volume = {57},
    number = {2},
    pages = {141-155},
    year = {1996}
}

@inproceedings{
    laue2018,
    author = {Laue, S\"{o}ren and Mitterreiter, Matthias and Giesen, Joachim},
    title = {Computing higher order derivatives of matrix and tensor expressions},
    year = {2018},
    booktitle = {Proc. 32nd Int. Conf. on Neural Information Processing Systems},
    pages = {2755-2764},
    location = {Montr\'{e}al, Canada},
    series = {NIPS'18}
}


@article{
    laue2020,
    author = {Laue, S\"oren and Mitterreiter, Matthias and Giesen, Joachim},
    year = {2020},
    month = {04},
    pages = {4527-4534},
    title = {A Simple and Efficient Tensor Calculus},
    volume = {34},
    journal = {Proc. AAAI Conf. on Artificial Intelligence},
}

@misc{
    laue2019,
    author = {S\"oren Laue},
    title = {On the Equivalence of Automatic and Symbolic Differentiation},
    year = {2019},
    month = {04},
    url={https://api.semanticscholar.org/CorpusID:254246751}
}


@article{
    liu2022,
    title = {Matrix differential calculus with applications in the multivariate linear model and its diagnostics},
    journal = {Journal of Multivariate Analysis},
    volume = {188},
    pages = {104849},
    year = {2022},
    author = {Shuangzhe Liu and Víctor Leiva and Dan Zhuang and Tiefeng Ma and Jorge I. Figueroa-Zúñiga},
}

@TechReport {
    magnus2007,
    author = {Magnus, Jan R. and Abadir, Karim},
    year = {2007},
    month = {Feb},
    pages = {1-15},
    number={CIRJE-F-476},
    title = {On some definitions in matrix algebra},
    institution = {CIRJE, Faculty of Economics, University of Tokyo, CIRJE F-Series}
}

@article {
    magnus1985,
    title = {Matrix differential calculus with applications to simple, Hadamard, and Kronecker products},
    journal = {Journal of Mathematical Psychology},
    volume = {29},
    number = {4},
    pages = {474-492},
    year = {1985},
    month = {12},
    author = {Jan R. Magnus and Heinz Neudecker},
}

@article {
    magnus2010,
    title = {On the concept of matrix derivative},
    journal = {Journal of Multivariate Analysis},
    volume = {101},
    number = {9},
    pages = {2200-2206},
    year = {2010},
    month = {10},
    author = {Jan R. Magnus},
}

@book {
    magnus2019,
    month = {02},
    publisher = {John Wiley \& Sons, Ltd},
    title = {Matrix Differential Calculus with Applications in Statistics and Econometrics},
    year = {2019},
    author = {Jan R. Magnus and Heinz Neudecker},
    address = {USA},
}

@article {
    munro1995,
    author = {Munro, David H. and Dubois, Paul F.},
    title = {Using the {Yorick Interpreted Language}},
    journal = {Computer in Physics},
    volume = {9},
    number = {6},
    pages = {609-615},
    year = {1995},
    month = {11},
}

@book{
    naumann2011,
    author = {Naumann, Uwe},
    title = {The Art of Differentiating Computer Programs},
    publisher = {Society for Industrial and Applied Mathematics},
    year = {2011},
    address = {USA},
}

@article{
    neudecker1969,
    author = {Heinz Neudecker},
    journal = {Journal of the American Statistical Association},
    number = {327},
    pages = {953--963},
    title = {Some Theorems on Matrix Differentiation with Special Reference to Kronecker Matrix Products},
    volume = {64},
    year = {1969}
}

@misc{
    petersen2012,
    author       = "Kaare Brandt Petersen and Michael Syskind Pedersen",
    title        = "The Matrix Cookbook",
    year         = "2012",
    month        = "10",
    publisher    = "Technical University of Denmark",
    note         = "Version 20121115",
    url          = "http://www2.compute.dtu.dk/pubdb/pubs/3274-full.html",
}

@article {
    rumelhart1986,
    author={Rumelhart, David E. and Hinton, Geoffrey E. and Williams, Ronald J.},
    title={Learning representations by back-propagating errors},
    journal={Nature},
    year={1986},
    month={10},
    volume={323},
    number={6088},
    pages={533-536},
}

@book{
    searle2017,
    title={Matrix Algebra Useful for Statistics},
    author={Searle, S.R. and Khuri, A.I.},
    year={2017},
    publisher={Wiley},
    address = {USA},
}

@book{
    strang2019,
    author = {Strang, Gilbert},
    title = {Linear Algebra and Learning from Data},
    publisher = {Wellesley-Cambridge Press},
    year = {2019},
    address = {Philadelphia, PA},
}

@book{
    turkington2001,
    place={Cambridge},
    title={Matrix Calculus and Zero-One Matrices: Statistical and Econometric Applications},
    publisher={Cambridge University Press},
    author={Turkington, Darrell A.},
    year={2001},
    address = {Cambridge},
}


@article{
    srivastava2014,
    author  = {Nitish Srivastava and Geoffrey Hinton and Alex Krizhevsky and Ilya Sutskever and Ruslan Salakhutdinov},
    title   = {Dropout: A Simple Way to Prevent Neural Networks from Overfitting},
    journal = {Journal of Machine Learning Research},
    year    = {2014},
    volume  = {15},
    number  = {56},
    pages   = {1929--1958},
}

@inproceedings{
    vaswani2017,
    author = {Vaswani, Ashish and Shazeer, Noam and Parmar, Niki and Uszkoreit, Jakob and Jones, Llion and Gomez, Aidan N and Kaiser, \L ukasz and Polosukhin, Illia},
    booktitle = {Advances in Neural Information Processing Systems},
    pages = {},
    title = {Attention is All you Need},
    volume = {30},
    year = {2017},
}
